@comment{x-kbibtex-personnameformatting=<%f ><%l><, %s>}

@inproceedings{TehHinton2000,
	added-at = "2014-12-10T00:00:00.000+0100",
	author = "Yee Whye Teh and Geoffrey E. Hinton",
	booktitle = "{NIPS}",
	crossref = "conf/nips/2000",
	editor = "Todd K. Leen and Thomas G. Dietterich and Volker Tresp",
	interhash = "737581a643c71051b8645d6deb02c597",
	intrahash = "74f495f692073601fbc61ba179d970b0",
	keywords = "dblp",
	pages = "908--914",
	publisher = "MIT Press",
	title = "{Rate-coded Restricted Boltzmann Machines for Face Recognition.}",
	url = "http://dblp.uni-trier.de/db/conf/nips/nips2000.html#TehH00; http://papers.nips.cc/paper/1886-rate-coded-restricted-boltzmann-machines-for-face-recognition; http://www.bibsonomy.org/bibtex/274f495f692073601fbc61ba179d970b0/dblp",
	x-fetchedfrom = "Bibsonomy",
	year = 2000
}

@inproceedings{NairHinton2010,
	added-at = "2010-09-06T00:00:00.000+0200",
	author = "Vinod Nair and Geoffrey E. Hinton",
	booktitle = "{ICML}",
	crossref = "conf/icml/2010",
	editor = "Johannes F{\"u}rnkranz and Thorsten Joachims",
	interhash = "acefcb0a5d1a937232f02f3fe0d5ab86",
	intrahash = "059683ca9b2457d248942520babbe000",
	keywords = "dblp",
	pages = "807--814",
	publisher = "Omnipress",
	title = "{Rectified Linear Units Improve Restricted Boltzmann Machines.}",
	url = "http://dblp.uni-trier.de/db/conf/icml/icml2010.html#NairH10; http://www.icml2010.org/papers/432.pdf; http://www.bibsonomy.org/bibtex/2059683ca9b2457d248942520babbe000/dblp",
	x-fetchedfrom = "Bibsonomy",
	year = 2010
}

@inproceedings{FischerIgel2012,
	added-at = "2012-08-13T00:00:00.000+0200",
	author = "Asja Fischer and Christian Igel",
	booktitle = "{CIARP}",
	crossref = "conf/ciarp/2012",
	editor = "Luis {\'A}lvarez and Marta Mejail and Lu{\'i}s G{\'o}mez D{\'e}niz and Julio C. Jacobo",
	interhash = "e34d0b77cd7938bceb654f39ae93e116",
	intrahash = "4c1fcf8f6805692e65b9379118ab5a70",
	isbn = "978-3-642-33274-6",
	keywords = "dblp",
	pages = "14--36",
	publisher = "Springer",
	series = "{Lecture Notes in Computer Science}",
	title = "{An Introduction to Restricted Boltzmann Machines.}",
	url = "http://dblp.uni-trier.de/db/conf/ciarp/ciarp2012.html#FischerI12; http://dx.doi.org/10.1007/978-3-642-33275-3_2; http://www.bibsonomy.org/bibtex/24c1fcf8f6805692e65b9379118ab5a70/dblp",
	volume = 7441,
	x-fetchedfrom = "Bibsonomy",
	year = 2012
}

@article{HintonSalakhutdinov2012,
	added-at = "2014-04-18T16:08:13.000+0200",
	author = "Geoffrey E. Hinton and Nitish Srivastava and Alex Krizhevsky and Ilya Sutskever and Ruslan Salakhutdinov",
	interhash = "3e6590885191244531ef7ce34bb388d0",
	intrahash = "852239c1ed83a86f637f80bc641333b6",
	journal = "CoRR",
	keywords = "Improving by co-adaptation detectors feature networks neural of preventing",
	title = "{Improving neural networks by preventing co-adaptation of feature detectors}",
	url = "http://dblp.uni-trier.de/db/journals/corr/corr1207.html#abs-1207-0580; http://arxiv.org/abs/1207.0580; http://www.bibsonomy.org/bibtex/2852239c1ed83a86f637f80bc641333b6/prlz77",
	volume = "abs/1207.0580",
	x-fetchedfrom = "Bibsonomy",
	year = 2012
}

@article{HintonSalakhutdinov2006,
	abstract = {High-dimensional data can be converted to low-dimensional codes by training a multilayer neural network with a small central layer to reconstruct high-dimensional input vectors. Gradient descent can be used for fine-tuning the weights in such "autoencoder" networks, but this works well only if the initial weights are close to a good solution. We describe an effective way of initializing the weights that allows deep autoencoder networks to learn low-dimensional codes that work much better than principal components analysis as a tool to reduce the dimensionality of data.},
	added-at = "2008-07-15T10:05:18.000+0200",
	author = "G E Hinton and R R Salakhutdinov",
	description = "Reducing the dimensionality of data with neural ne...[Science. 2006] - PubMed Result",
	doi = "10.1126/science.1127647",
	interhash = "019918b82518b74f443a22dc58a0117f",
	intrahash = "135bbce97b449ddf5fca7be88102b53c",
	journal = "Science",
	keywords = "dimensionalityreduction neuralnetworks parameterestimation",
	month = jul,
	number = 5786,
	pages = "504--507",
	pmid = "16873662",
	title = "{Reducing the dimensionality of data with neural networks}",
	url = "http://www.ncbi.nlm.nih.gov/sites/entrez?db=pubmed&uid=16873662&cmd=showdetailview&indexed=google; http://www.bibsonomy.org/bibtex/2135bbce97b449ddf5fca7be88102b53c/tmalsburg",
	volume = 313,
	x-fetchedfrom = "Bibsonomy",
	year = 2006
}

@article{HornikWhite1989,
	abstract = "Thesis BIB",
	added-at = "2009-10-27T06:49:28.000+0100",
	author = "K. Hornik and M. Stinchcombe and H. White",
	interhash = "9948713640c726f50c4c5a57e121f7ac",
	intrahash = "895e5e2654209932aa72b1a31feb35b4",
	journal = "Neural Networks",
	keywords = "imported",
	pages = "356--366",
	title = "{Multilayer feedforward networks are universal approximators}",
	url = "http://www.bibsonomy.org/bibtex/2895e5e2654209932aa72b1a31feb35b4/chrmina",
	volume = 2,
	x-fetchedfrom = "Bibsonomy",
	year = 1989
}

@article{HammersleyClifford1971,
	added-at = "2008-10-07T16:03:39.000+0200",
	author = "J. M. Hammersley and P. E. Clifford",
	interhash = "71df615d74a37e461f23b9d3df5cb98d",
	intrahash = "199eae8bccbe1a7a1bffb1992ba0b394",
	journal = "{\em Unpublished manuscript}",
	keywords = "imported",
	title = "{Markov random fields on finite graphs and lattices}",
	url = "http://www.bibsonomy.org/bibtex/2199eae8bccbe1a7a1bffb1992ba0b394/brefeld",
	x-fetchedfrom = "Bibsonomy",
	year = 1971
}

@article{GemanGeman1984,
	added-at = "2011-05-09T23:10:52.000+0200",
	author = "S. Geman and D. Geman",
	interhash = "a0f7640ac0bf7a537d627781ee357079",
	intrahash = "90fe1ddc6b92b1cbe44429883febe804",
	journal = "IEEE Transactions on Pattern Analysis and Machine Intelligence",
	keywords = "imported",
	pages = "721--741",
	title = "{Stochastic relaxation, {G}ibbs distributions, and the {B}ayesian restoration of images}",
	url = "http://www.bibsonomy.org/bibtex/290fe1ddc6b92b1cbe44429883febe804/josephausterwei",
	volume = 6,
	x-fetchedfrom = "Bibsonomy",
	year = 1984
}

@article{Hopfield1984,
	added-at = "2008-03-11T14:52:34.000+0100",
	annote = "Reprinted in \npcite{anderson:neurocomputing}",
	author = "John J. Hopfield",
	citeulike-article-id = "2377194",
	interhash = "b5e8d4d41066580f336dcbdd29769713",
	intrahash = "8df426f78f8d425aff50dd1bf0cfe070",
	journal = "{P}roceedings of the National Academy of Sciences, {USA}",
	keywords = "nn",
	pages = "3088--3092",
	priority = "2",
	title = "{Neurons with Graded Response Have Collective Computational Properties Like Those of Two-State Neurons}",
	url = "http://www.bibsonomy.org/bibtex/28df426f78f8d425aff50dd1bf0cfe070/idsia",
	volume = 81,
	x-fetchedfrom = "Bibsonomy",
	year = 1984
}

@techreport{Neal1993,
	added-at = "2009-09-10T14:36:22.000+0200",
	author = "Radford M. Neal",
	institution = "Dept. of Computer Science, University of Toronto",
	interhash = "4d20ab5051a0d3de28050a71c685bf60",
	intrahash = "2ce0f1ab9062faf7f595a15fd74ff960",
	keywords = "imported",
	month = "September",
	note = "144pp.",
	number = "CRG-TR-93-1",
	owner = "gregor",
	timestamp = "2009.06.14",
	title = "{Probabilistic Inference using {M}arkov Chain {M}onte {C}arlo Methods}",
	url = "http://www.bibsonomy.org/bibtex/22ce0f1ab9062faf7f595a15fd74ff960/gregoryy",
	x-fetchedfrom = "Bibsonomy",
	year = 1993
}

@book{Norris1997,
	added-at = "2010-06-22T10:52:20.000+0200",
	address = "New York, USA",
	author = "James Norris",
	interhash = "a9011cd0840f0900986299ad5ece75f9",
	intrahash = "191fa05416e3a74fe82dda3da3d128fd",
	keywords = "chains markov",
	publisher = "Cambridge University Pres",
	title = "{Markov Chains}",
	url = "http://www.bibsonomy.org/bibtex/2191fa05416e3a74fe82dda3da3d128fd/alex",
	x-fetchedfrom = "Bibsonomy",
	year = 1997
}

@book{Behrends2000,
	author = "Ehrhard Behrends",
	publisher = "Springer",
	title = "{Introduction to Markov chains}",
	volume = "228",
	year = "2000"
}

@article{CowlesCarlin1996,
	added-at = "2009-09-10T14:36:22.000+0200",
	author = "M.K. Cowles and B.P. Carlin",
	interhash = "24efc182def84b8128defe49b4c90894",
	intrahash = "8ab064d80952e3de537c779e0c1728d9",
	journal = "Journal of the American Statistical Association",
	keywords = "imported",
	number = 434,
	owner = "gregor",
	pages = "883--904",
	timestamp = "2009-09-10T14:36:48.000+0200",
	title = "{Markov chain {M}onte {C}arlo convergence diagnostics: A comparative review}",
	url = "http://www.bibsonomy.org/bibtex/28ab064d80952e3de537c779e0c1728d9/gregoryy",
	volume = 91,
	x-fetchedfrom = "Bibsonomy",
	year = 1996
}

@article{Neal1992,
	added-at = "2011-05-09T23:10:52.000+0200",
	author = "Radford M. Neal",
	interhash = "1d92d0c55f21b49903e0a20c1598c598",
	intrahash = "ca547ce85080ce50002a3ea7f12390dc",
	journal = "Artificial Intelligence",
	keywords = "imported",
	pages = "71--113",
	timestamp = "2011-05-09T23:11:35.000+0200",
	title = "{Connectionist learning of belief networks}",
	url = "http://www.bibsonomy.org/bibtex/2ca547ce85080ce50002a3ea7f12390dc/josephausterwei",
	volume = 56,
	x-fetchedfrom = "Bibsonomy",
	year = 1992
}

@article{HintonTeh2006,
	added-at = "2013-12-08T17:38:38.000+0100",
	author = "G. E. Hinton and S. Osindero and Y. W. Teh",
	interhash = "e20c213844c6c160f4bcc59cfcdc845d",
	intrahash = "f29089f5341f89661c623dd73403e943",
	journal = "Neural Computation",
	keywords = "A Belief Nets Learning for Fast Deep Algorithm",
	pages = "1527--1554",
	timestamp = "2013-12-08T17:38:38.000+0100",
	title = "{A Fast Learning Algorithm for Deep Belief Nets}",
	url = "http://www.bibsonomy.org/bibtex/2f29089f5341f89661c623dd73403e943/prlz77",
	volume = 18,
	x-fetchedfrom = "Bibsonomy",
	year = 2006
}

@article{Jordan2004,
	added-at = "2007-01-29T19:10:09.000+0100",
	author = "Michael I. Jordan",
	interhash = "3372d59080f9ca2bb548a60fe4e5e703",
	intrahash = "f0e3d3fb9228324ca5e998fb1a0bb6a7",
	journal = "Statistical Science",
	keywords = "2004 graphical",
	pages = "140--155",
	timestamp = "2007-01-29T19:10:09.000+0100",
	title = "{Graphical models}",
	url = "http://www.cs.berkeley.edu/~jordan/papers/statsci.ps; http://www.bibsonomy.org/bibtex/2f0e3d3fb9228324ca5e998fb1a0bb6a7/seandalai",
	volume = 19,
	x-fetchedfrom = "Bibsonomy",
	year = 2004
}

@book{GetoorTaskar2007,
	added-at = "2010-10-27T20:14:07.000+0200",
	editor = "Lise Getoor and Ben Taskar",
	interhash = "f177db029b15d4e01a76c0d31ffb188a",
	intrahash = "f7303f230267efb24f0d72fdec3858df",
	keywords = "KR SRL",
	timestamp = "2010-10-27T20:14:07.000+0200",
	title = "{Introduction to Statistical Relational Learning}",
	url = "http://www.bibsonomy.org/bibtex/2f7303f230267efb24f0d72fdec3858df/djain",
	x-fetchedfrom = "Bibsonomy",
	year = 2007
}

